
@article{Chou2020360-Indoor:Images,
    title = {{360-Indoor: Towards Learning Real-World Objects in 360{\textordmasculine} Indoor Equirectangular Images}},
    year = {2020},
    journal = {Institute of Electrical and Electronic Engineers (IEEE)},
    author = {Chou, Shih-Han and Sun, Cheng and Chang, Wen-Yen and Hsu, Wan-Ting and Sun, Min and Fu, Jianlong}
}

@article{Zhuang2021ALearning,
  author={Zhuang, Fuzhen and Qi, Zhiyuan and Duan, Keyu and Xi, Dongbo and Zhu, Yongchun and Zhu, Hengshu and Xiong, Hui and He, Qing},
  journal={Proceedings of the IEEE}, 
  title={A Comprehensive Survey on Transfer Learning}, 
  year={2021},
  volume={109},
  number={1},
  pages={43-76},
  doi={10.1109/JPROC.2020.3004555}
}

@article{Xiao2020ALearning,
    title = {{A review of object detection based on deep learning}},
    year = {2020},
    journal = {Multimedia Tools and Applications},
    author = {Xiao, Youzi and Tian, Zhiqiang and Yu, Jiachen and Zhang, Yinshu and Liu, Shuai and Du, Shaoyi and Lan, Xuguang},
    number = {33-34},
    pages = {23729--23791},
    volume = {79},
    publisher = {Springer},
    note = {doi 10.1007/s11042-020-08976-6},
    issn = {15737721}
}

@article{Rocha2021AAnalysis,
    title = {{A survey of scan-to-bim practices in the aec industry—a quantitative analysis}},
    year = {2021},
    journal = {ISPRS International Journal of Geo-Information},
    author = {Rocha, Gustavo and Mateus, Luís},
    number = {8},
    month = {8},
    volume = {10},
    publisher = {MDPI},
    note = {doi 10.3390/ijgi10080564},
    issn = {22209964},
    keywords = {3D laser scanning, AEC industry, Building survey, Photogrammetry, Scan-to-BIM}
}

@article{Weiss2016ALearning,
    title = {{A survey of transfer learning}},
    year = {2016},
    journal = {Journal of Big Data},
    author = {Weiss, Karl and Khoshgoftaar, Taghi M. and Wang, Ding Ding},
    number = {1},
    month = {12},
    volume = {3},
    publisher = {SpringerOpen},
    note = {doi 10.1186/s40537-016-0043-6},
    issn = {21961115},
    keywords = {Data mining, Domain adaptation, Machine learning, Survey, Transfer learning}
}

@inproceedings{Padilla2020AAlgorithms,
    title = {{A Survey on Performance Metrics for Object-Detection Algorithms}},
    year = {2020},
    booktitle = {International Conference on Systems, Signals and Image Processing (IWSSIP)},
    author = {Padilla, Rafael and Netto, Sergio Lima and Da Silva, Eduardo A B and Netto, Sergio L},
    note = {doi 10.1109/IWSSIP48289.2020},
    keywords = {average precision, bounding boxes, object-detection challenges, object-detection metrics}
}

@article{Bastian2017AggregatedDetection,
    title = {{Aggregated Channel Features with Optimum Parameters for Pedestrian Detection}},
    year = {2017},
    journal = {International Conference on Pattern Recognition and Machine Intelligence},
    author = {Bastian, Blossom Treesa and Jiji, C. Victor},
    month = {12},
    pages = {155--161}
}

@inproceedings{Valero2021AnRetrofitting,
    title = {{An Integrated Scan-to-BIM Approach for Buildings Energy Performance Evaluation and Retrofitting}},
    year = {2021},
    booktitle = {38th International Symposium on Automation and Robotics in Construction},
    author = {Valero, Enrique and Mohanty, Dibya D and Ceklarz, Michal and Tao, Boan and Bosch{\'{e}}, Frédéric and Giannakis, Giorgos I and Fenz, Stefan and Katsigarakis, Kyriakos and Lilis, Georgios N and Rovas, Dimitrios and Papanikolaou, Antonis},
    pages = {204--211},
    keywords = {BIM, Energy, HVAC, Photogram-metry, Retrofit, Scan-to-BIM, TLS}
}

@inproceedings{Pathak2018ApplicationDetection,
    title = {{Application of Deep Learning for Object Detection}},
    year = {2018},
    booktitle = {Procedia Computer Science},
    author = {Pathak, Ajeet Ram and Pandey, Manjusha and Rautaray, Siddharth},
    pages = {1706--1717},
    volume = {132},
    publisher = {Elsevier B.V.},
    note = {doi 10.1016/j.procs.2018.05.144},
    issn = {18770509},
    keywords = {Computer vision, Convolutional neural network, Deep learning, Object detection}
}

@misc{SynthesisAI2021ApplyK4,
    title = {{Apply a fisheye distortion to rendered images using distortion coefficients [k1, k2, k3, k4]}},
    year = {2021},
    booktitle = {GitHub},
    author = {{Synthesis AI}},
    month = {8},
    url = {https://github.com/Synthesis-AI-Dev/fisheye-distortion},
    note = {Accessed on 2022-01-07}
}

@article{Marzouk2020ArtificialLearning,
    title = {{Artificial intelligence exploitation in facility management using deep learning}},
    year = {2020},
    journal = {Construction Innovation},
    author = {Marzouk, Mohamed and Zaher, Mohamed},
    number = {4},
    month = {8},
    pages = {609--624},
    volume = {20},
    publisher = {Emerald Group Holdings Ltd.},
    note = {doi 10.1108/CI-12-2019-0138},
    issn = {14770857},
    keywords = {Artificial intelligence, Deep learning, Expert system, Facilities management, Neural networks, Supervised learning}
}

@article{Marzouk2020ArtificialLearningb,
    title = {{Artificial intelligence exploitation in facility management using deep learning}},
    year = {2020},
    journal = {Construction Innovation},
    author = {Marzouk, Mohamed and Zaher, Mohamed},
    number = {4},
    month = {8},
    pages = {609--624},
    volume = {20},
    publisher = {Emerald Group Holdings Ltd.},
    note = {doi 10.1108/CI-12-2019-0138},
    issn = {14770857},
    keywords = {Artificial intelligence, Deep learning, Expert system, Facilities management, Neural networks, Supervised learning}
}

@article{Jung2016AutomatedBIM,
    title = {{Automated 3D Wireframe Modeling of Indoor Structures from Point Clouds Using Constrained Least-Squares Adjustment for As-Built BIM}},
    year = {2016},
    journal = {Journal of Computing in Civil Engineering},
    author = {Jung, Jaehoon and Hong, Sungchul and Yoon, Sanghyun and Kim, Jeonghyun and Heo, Joon},
    number = {4},
    month = {7},
    pages = {04015074},
    volume = {30},
    publisher = {American Society of Civil Engineers (ASCE)},
    note = {doi 10.1061/(asce)cp.1943-5487.0000556},
    issn = {0887-3801}
}

@inproceedings{Bassier2017AutomatedTechniques,
    title = {{Automated classification of heritage buildings for as-built BIM using Machine Learning Techniques}},
    year = {2017},
    booktitle = {ISPRS Annals of the Photogrammetry, Remote Sensing and Spatial Information Sciences},
    author = {Bassier, M. and Vergauwen, M. and Van Genechten, B.},
    number = {2W2},
    month = {8},
    pages = {25--30},
    volume = {4},
    publisher = {Copernicus GmbH},
    note = {doi 10.5194/isprs-annals-IV-2-W2-25-2017},
    issn = {21949050},
    keywords = {As-built BIM, Classification, Digital Heritage, Laser Scanning, Scan-to-BIM}
}

@article{Hamledari2017AutomatedPartitions,
    title = {{Automated computer vision-based detection of components of under-construction indoor partitions}},
    year = {2017},
    journal = {Automation in Construction},
    author = {Hamledari, Hesam and McCabe, Brenda and Davari, Shakiba},
    month = {2},
    pages = {78--94},
    volume = {74},
    publisher = {Elsevier B.V.},
    note = {doi 10.1016/j.autcon.2016.11.009},
    issn = {09265805},
    keywords = {Computer vision, Digital images, Image processing, Indoors, Interior construction, Machine learning}
}

@article{Czerniawski2020AutomatedMethods,
    title = {{Automated digital modeling of existing buildings: A review of visual object recognition methods}},
    year = {2020},
    journal = {Automation in Construction},
    author = {Czerniawski, Thomas and Leite, Fernanda},
    month = {5},
    volume = {113},
    publisher = {Elsevier B.V.},
    note = {doi 10.1016/j.autcon.2020.103131},
    issn = {09265805},
    keywords = {3D reconstruction, As-built, BIM, Building information modeling, Computer vision, Digital building representation, Digitization, Laser scanning, Object recognition, Review article}
}

@techreport{Yang2018AutomaticPanorama,
    title = {{Automatic 3D Indoor Scene Modeling from Single Panorama}},
    year = {2018},
    author = {Yang, Yang and Jin, Shi and Liu, Ruiyang and Bing Kang, Sing and Yu, Jingyi}
}

@article{Xiong2013AutomaticData,
    title = {{Automatic creation of semantically rich 3D building models from laser scanner data}},
    year = {2013},
    journal = {Automation in Construction},
    author = {Xiong, Xuehan and Adan, Antonio and Akinci, Burcu and Huber, Daniel},
    pages = {325--337},
    volume = {31},
    note = {doi 10.1016/j.autcon.2012.10.006},
    issn = {09265805},
    keywords = {3D modeling, Interior modeling, Lidar object recognition, Opening detection, Scan to BIM, Wall analysis}
}

@article{Hendry2019AutomaticLearning,
    title = {{Automatic License Plate Recognition via sliding-window darknet-YOLO deep learning}},
    year = {2019},
    journal = {Image and Vision Computing},
    author = {{Hendry} and Chen, Rung Ching},
    month = {7},
    pages = {47--56},
    volume = {87},
    publisher = {Elsevier Ltd},
    note = {doi 10.1016/j.imavis.2019.04.007},
    issn = {02628856},
    keywords = {Automatic License Plate Recognition, Deep learning, YOLO network}
}

@article{Diaz-Vilarino2015AutomaticBuildings,
    title = {{Automatic LiDAR-based lighting inventory in buildings}},
    year = {2015},
    journal = {Journal of the International Measurement Confederation},
    author = {D{\'{i}}az-Vilari{\~{n}}o, L. and Gonz{\'{a}}lez-Jorge, H. and Mart{\'{i}}nez-S{\'{a}}nchez, J. and Lorenzo, H.},
    month = {7},
    pages = {544--550},
    volume = {73},
    publisher = {Elsevier B.V.},
    note = {doi 10.1016/j.measurement.2015.06.009},
    issn = {02632241},
    keywords = {BIM, Energy efficiency, LiDAR, Lighting, Point cloud}
}

@article{Maalek2019AutomaticConstruction,
    title = {{Automatic recognition of common structural elements from point clouds for automated progress monitoring and dimensional quality control in reinforced concrete construction}},
    year = {2019},
    journal = {Remote Sensing},
    author = {Maalek, Reza and Lichti, Derek D. and Ruwanpura, Janaka Y.},
    number = {9},
    month = {5},
    volume = {11},
    publisher = {MDPI AG},
    note = {doi 10.3390/rs11091102},
    issn = {20724292},
    keywords = {3D surface intersection, Building information modeling (BIM), Change detection, Dimensional compliance control, Point cloud segmentation, Progress monitoring, Reinforced concrete construction, Semantic object classification, Terrestrial laser scanner (TLS)}
}

@article{Kang2009AutomaticImages,
    title = {{Automatic Registration of Terrestrial Laser Scanning Point Clouds using Panoramic Reflectance Images}},
    year = {2009},
    journal = {Sensors},
    author = {Kang, Zhizhong and Li, Jonathan and Zhang, Liqiang and Zhao, Qile and Zlatanova, Sisi},
    number = {4},
    month = {4},
    pages = {2621--2646},
    volume = {9},
    publisher = {MDPI AG},
    note = {doi 10.3390/s90402621},
    issn = {1424-8220}
}

@inproceedings{Krispel2015AutomaticViews,
    title = {{Automatic texture and orthophoto generation from registered panoramic views}},
    year = {2015},
    booktitle = {International Archives of the Photogrammetry, Remote Sensing and Spatial Information Sciences - ISPRS Archives},
    author = {Krispel, U. and Evers, H. L. and Tamke, M. and Viehauser, R. and Fellner, D. W.},
    number = {5W4},
    pages = {131--137},
    volume = {40},
    publisher = {International Society for Photogrammetry and Remote Sensing},
    note = {doi 10.5194/isprsarchives-XL-5-W4-131-2015},
    issn = {16821750},
    keywords = {Automated generation of semantic information, Image registration, Machine learning, Point clouds, Spherical panorama, Texturing}
}

@techreport{Tsakiris2020BIM-basedResidences,
    title = {{BIM-based holistic tools for Energy-driven Renovation of existing Residences}},
    year = {2020},
    author = {Tsakiris, Athanasios},
    institution = {BIMERR}
}

@article{Scherer2018BIMification:Retrofitting,
    title = {{BIMification: How to create and use BIM for retrofitting}},
    year = {2018},
    journal = {Advanced Engineering Informatics},
    author = {Scherer, Raimar J. and Katranuschkov, Peter},
    month = {10},
    pages = {54--66},
    volume = {38},
    publisher = {Elsevier Ltd},
    note = {doi 10.1016/j.aei.2018.05.007},
    issn = {14740346},
    keywords = {BIM, BIMification, Energy efficiency, Existing building stock, Retrofitting}
}

@article{Kim2017BuildingClouds,
    title = {{Building element recognition with thermal-mapped point clouds}},
    year = {2017},
    journal = {International Journal of Intelligent Robotics and Applications},
    author = {Kim, P and Cho, Y Kwon and Chen, J},
    isbn = {10.1007/s41315-017-0023-9}
}

@article{Azhar2011BuildingIndustry,
    title = {{Building Information Modeling (BIM): Trends, Benefits, Risks, and Challenges for the AEC Industry}},
    year = {2011},
    journal = {Leadership and Management in Engineering},
    author = {Azhar, Salman},
    number = {3},
    pages = {241--252},
    volume = {11}
}

@techreport{HMGovernment2012BuildingModelling,
    title = {{Building Information Modelling}},
    year = {2012},
    author = {{HM Government}},
    url = {https://assets.publishing.service.gov.uk/government/uploads/system/uploads/attachment\_data/file/34710/12-1327-building-information-modelling.pdf},
    note = {Accessed on 2021-10-24},
    institution = {{HM Government}},
    keywords = {URN 12/1327}
}

@inproceedings{Harzallah2009CombiningClassification,
    title = {{Combining efficient object localization and image classification}},
    year = {2009},
    booktitle = {Proceedings of the IEEE International Conference on Computer Vision},
    author = {Harzallah, Hedi and Jurie, Frédéric and Schmid, Cordelia},
    pages = {237--244},
    isbn = {9781424444205},
    note = {doi 10.1109/ICCV.2009.5459257}
}

@inproceedings{Manzoor2019ComparisonRobot,
    title = {{Comparison of Object Recognition Approaches using Traditional Machine Vision and Modern Deep Learning Techniques for Mobile Robot}},
    year = {2019},
    booktitle = { 19th International Conference on Control, Automation and Systems},
    author = {Manzoor, Sumaira and Joo, Sung-Hyeon and Kuc, Tae-Yong},
    month = {10},
    pages = {1316--1321},
    isbn = {9788993215182},
    keywords = {HOG, Object recognition, SVM, Tiny-YOLOv3, mobile robot}
}

@inproceedings{Song2011ContextualizingClassification,
    title = {{Contextualizing object detection and classification}},
    year = {2011},
    booktitle = {Proceedings of the IEEE Computer Society Conference on Computer Vision and Pattern Recognition},
    author = {Song, Zheng and Chen, Qiang and Huang, Zhongyang and Hua, Yang and Yan, Shuicheng},
    pages = {1585--1592},
    publisher = {IEEE Computer Society},
    isbn = {9781457703942},
    note = {doi 10.1109/CVPR.2011.5995330},
    issn = {10636919}
}

@article{Xu2021CorDet:Scan-to-BIM,
    title = {{CorDet: Corner-Aware 3D Object Detection Networks for Automated Scan-to-BIM}},
    year = {2021},
    journal = {Journal of Computing in Civil Engineering},
    author = {Xu, Yongzhi and Shen, Xuesong and Lim, Samsung},
    number = {3},
    month = {5},
    pages = {},
    volume = {35},
    publisher = {American Society of Civil Engineers (ASCE)},
    note = {doi 10.1061/(asce)cp.1943-5487.0000962},
    issn = {0887-3801}
}

@phdthesis{Gokgur2015CurrentProjects,
    title = {{Current and future use of BIM in renovation projects}},
    year = {2015},
    author = {G{\"{o}}kg{\"{u}}r, Ata},
    school = {Chalmers University of Technology},
    address = {Gothenburg}
}

@article{Lecun2015DeepLearning,
    title = {{Deep learning}},
    year = {2015},
    journal = {Nature},
    author = {Lecun, Yann and Bengio, Yoshua and Hinton, Geoffrey},
    number = {7553},
    month = {5},
    pages = {436--444},
    volume = {521},
    publisher = {Nature Publishing Group},
    note = {doi 10.1038/nature14539},
    issn = {14764687},
    pmid = {26017442}
}

@article{Fang2018DetectingVideos,
    title = {{Detecting non-hardhat-use by a deep learning method from far-field surveillance videos}},
    year = {2018},
    journal = {Automation in Construction},
    author = {Fang, Qi and Li, Heng and Luo, Xiaochun and Ding, Lieyun and Luo, Hanbin and Rose, Timothy M. and An, Wangpeng},
    month = {1},
    pages = {1--9},
    volume = {85},
    publisher = {Elsevier B.V.},
    note = {doi 10.1016/j.autcon.2017.09.018},
    issn = {09265805},
    keywords = {Construction safety, Deep learning, Far-field surveillance video, Faster R-CNN, Non-hardhat-use}
}

@phdthesis{Kufuor2020DetectingLearning,
    title = {{Detecting sockets and radiators in 360{\textordmasculine} images of indoor spaces using deep learning}},
    year = {2020},
    author = {Kufuor, John Agyekum}
}

@article{Zhuang2019DetectionLearning,
    title = {{Detection of sick broilers by digital image processing and deep learning}},
    year = {2019},
    journal = {Biosystems Engineering},
    author = {Zhuang, Xiaolin and Zhang, Tiemin},
    month = {3},
    pages = {106--116},
    volume = {179},
    publisher = {Academic Press},
    note = {doi 10.1016/j.biosystemseng.2019.01.003},
    issn = {15375110},
    keywords = {Feature fusion, Poultry diseases, Real-time object detection, Single shot multibox detector}
}

@inproceedings{Zhu2012DoDetection,
    title = {{Do We Need More Training Data or Better Models for Object Detection?}},
    year = {2012},
    booktitle = {British Machine Vision Conference},
    author = {Zhu, Xiangxin and Vondrick, Carl and Ramanan, Deva and Fowlkes, Charless C}
}

@article{Quintana2018DoorEnvironments,
    title = {{Door detection in 3D coloured point clouds of indoor environments}},
    year = {2018},
    journal = {Automation in Construction},
    author = {Quintana, B. and Prieto, S. A. and Ad{\'{a}}n, A. and Bosch{\'{e}}, F.},
    month = {1},
    pages = {146--166},
    volume = {85},
    publisher = {Elsevier B.V.},
    note = {doi 10.1016/j.autcon.2017.10.016},
    issn = {09265805},
    keywords = {3D, Building information model, Door detection, Indoor navigation, Indoor spatial data model, Point cloud, Robot, Scan-to-BIM}
}

@techreport{EuropeanComission2020EnergyBuildings,
    institution = {{European Commission}},
    title = {{Energy efficiency in buildings}},
    year = {2020},
    author = {{European Commission}},
    month = {2},
    address = {Brussels}
}

@inproceedings{Picard2020EnsuringCertification,
    title = {{Ensuring Dataset Quality for Machine Learning Certification}},
    year = {2020},
    booktitle = {IEEE International Workshop on Software Certification},
    author = {Picard, S and Chapdelaine, C and Lefevre, B and Jenn, E},
    keywords = {certification process, datasets, machine learning}
}

@inproceedings{Oyedare2019EstimatingLearning,
    title = {{Estimating the Required Training Dataset Size for Transmitter Classification Using Deep Learning}},
    year = {2019},
    booktitle = {IEEE International Symposium on Dynamic Spectrum Access Networks (DySPAN)},
    author = {Oyedare, Taiwo and Park, Jung-Min},
    isbn = {9781728123769}
}

@article{Hussain2021EvaluationMetrics,
    title = {{Evaluation of 360◦ image projection formats; comparing format conversion distortion using objective quality metrics}},
    year = {2021},
    journal = {Journal of Imaging},
    author = {Hussain, Ikram and Kwon, Oh Jin},
    number = {8},
    month = {8},
    volume = {7},
    publisher = {MDPI AG},
    note = {doi 10.3390/jimaging7080137},
    issn = {2313433X},
    keywords = {360◦ image, Cube-map projec-tion, Cylindrical projection, Equal-area projection, Equi-rectangular projection, Image quality evaluation, Objective image quality metric}
}

@techreport{Faro2018ExportingImages,
    title = {{Exporting Panoramic Images}},
    year = {2018},
    author = {{Faro}},
    url = {https://knowledge.faro.com/Software/FARO\_SCENE/SCENE/Exporting\_Panoramic\_Images},
    note = {Accessed on 2021-12-01},
    institution = {FARO}
}

@article{Ren2017FasterNetworks,
    title = {{Faster R-CNN: Towards Real-Time Object Detection with Region Proposal Networks}},
    year = {2017},
    journal = {IEEE Transactions on Pattern Analysis and Machine Intelligence},
    author = {Ren, Shaoqing and He, Kaiming and Girshick, Ross and Sun, Jian},
    number = {6},
    month = {6},
    pages = {1137--1149},
    volume = {39},
    publisher = {IEEE Computer Society},
    note = {doi 10.1109/TPAMI.2016.2577031},
    issn = {01628828},
    pmid = {27295650},
    arxivId = {arXiv 1506.01497},
    keywords = {Object detection, convolutional neural network, region proposal}
}

@article{Wang2021FullyData,
    title = {{Fully automated generation of parametric BIM for MEP scenes based on terrestrial laser scanning data}},
    year = {2021},
    journal = {Automation in Construction},
    author = {Wang, Boyu and Yin, Chao and Luo, Han and Cheng, Jack C.P. and Wang, Qian},
    month = {5},
    volume = {125},
    publisher = {Elsevier B.V.},
    note = {doi 10.1016/j.autcon.2021.103615},
    issn = {09265805},
    keywords = {As-built geometric modeling, Building information model (BIM), MEP scene, Terrestrial laser scanning}
}

@inproceedings{Geirhos2018GeneralisationNetworks,
    title = {{Generalisation in humans and deep neural networks}},
    year = {2018},
    booktitle = {32nd Conference on Neural Information Processing Systems},
    author = {Geirhos, Robert and Temme, Carlos R. Medina and Rauber, Jonas and Sch{\"{u}}tt, Heiko H. and Bethge, Matthias and Wichmann, Felix A.},
    month = {8},
    note = {arXiv 1808.08750}
}

@article{Nowruzi2019HowData,
    title = {{How much real data do we actually need: Analyzing object detection performance using synthetic and real data}},
    year = {2019},
    journal = {ICML Workshop on AI for Autonomous Driving},
    author = {Nowruzi, Farzan Erlik and Kapoor, Prince and Kolhatkar, Dhanvin and Hassanat, Fahed Al and Laganiere, Robert and Rebut, Julien},
    month = {7},
    note = {arXiv 1907.07061}
}

@techreport{EmundsIFCNet:Classification,
    title = {{IFCNet: A Benchmark Dataset for IFC Entity Classification}},
    author = {Emunds, Christoph and Pauen, Nicolas and Richter, Veronika and Frisch, Jérôme and Van Treeck, Christoph},
    url = {https://ifcnet.e3d.rwth-aachen.de},
    urldate = {2022-02-02}
}

@inproceedings{Emunds2021IFCNet:Classification,
    title = {{IFCNet: A Benchmark Dataset for IFC Entity Classification}},
    year = {2021},
    booktitle = {EG-ICE 2021 Workshop on Intelligent Computing in Engineering},
    author = {Emunds, Christoph and Pauen, Nicolas and Richter, Veronika and Frisch, Jérôme and Van Treeck, Christoph},
    url = {https://ifcnet.e3d.rwth-aachen.de},
    note = {Accessed on 2022-02-02}
}

@inproceedings{Deng2010ImageNet:Database,
    title = {{ImageNet: A large-scale hierarchical image database}},
    year = {2010},
    author = {Deng, Jia and Dong, Wei and Socher, Richard and Li, Li-Jia and {Kai Li} and {Li Fei-Fei}},
    month = {3},
    pages = {248--255},
    publisher = {Institute of Electrical and Electronics Engineers (IEEE)},
    note = {doi 10.1109/cvpr.2009.5206848}
}

@techreport{Yang2020ImprovedDistortion,
    title = {{Improved Object Detection in an Image by Correcting Regions with Distortion}},
    year = {2020},
    author = {Yang, Ruiduo and Shih, Yichang and Liang, Chia-Kai and Hasinoff, Sam},
    url = {https://www.semanticscholar.org/paper/Improved-Object-Detection-in-an-Image-by-Correcting-Yang-Shih/63084678b3bc7a72c9ac5e5283c4905ebeead601},
    note = {Accessed on 2021-11-24},
    institution = {Technical Disclosure Commons},
    keywords = {Object detection, WFOV, candidate regions, confidence, corrected regions, cropped, downsample, facial recognition, frontalized, homography, lens distortion 2 Yang et al: Improved Object Detection in an Image by Correcting Regions with, object detector, object distortion, perspective distortion, rectification, rotation, threshold, undistorted, wide field of view}
}

@inproceedings{Taylor2018ImprovingAugmentation,
    title = {{Improving Deep Learning with Generic Data Augmentation}},
    year = {2018},
    booktitle = {IEEE Symposium Series on Computational Intelligence},
    author = {Taylor, Luke and Nitschke, Geoff},
    pages = {1542--1547},
    isbn = {9781538692769}
}

@techreport{Lopes2019ImprovingAugmentation,
    title = {{Improving Robustness Without Sacrificing Accuracy with Patch Gaussian Augmentation}},
    year = {2019},
    author = {Lopes, Raphael Gontijo and Yin, Dong and Poole, Ben and Gilmer, Justin and Cubuk, Ekin D.},
    month = {6},
    note = {arXiv 1906.02611}
}

@article{Armeni2017JointUnderstanding,
    title = {{Joint 2D-3D-Semantic Data for Indoor Scene Understanding}},
    year = {2017},
    author = {Armeni, Iro and Sax, Sasha and Zamir, Amir R. and Savarese, Silvio},
    month = {2},
    note = {arXiv 1702.01105}
}

@misc{Tzutalin2018LabelImg,
    title = {{LabelImg}},
    year = {2018},
    booktitle = {GitHub},
    author = {{Tzutalin}},
    url = {https://github.com/tzutalin/labelImg},
    note = {Accessed on 2021-10-10}
}

@article{Grilli2020MachineHeritage,
    title = {{Machine learning generalisation across different 3D architectural heritage}},
    year = {2020},
    journal = {ISPRS International Journal of Geo-Information},
    author = {Grilli, Eleonora and Remondino, Fabio},
    number = {6},
    month = {6},
    volume = {9},
    publisher = {MDPI AG},
    note = {doi 10.3390/ijgi9060379},
    issn = {22209964},
    keywords = {3D architectural heritage, Classification, Machine learning, Point cloud, Random forest}
}

@article{Rodriguez2020MechanicalMitigation,
    title = {{Mechanical, electrical, plumbing and tenant improvements over the building lifetime: Estimating material quantities and embodied carbon for climate change mitigation}},
    year = {2020},
    journal = {Energy and Buildings},
    author = {Rodriguez, Barbara X. and Huang, Monica and Lee, Hyun Woo and Simonen, Kathrina and Ditto, Jim},
    month = {11},
    volume = {226},
    publisher = {Elsevier Ltd},
    note = {doi 10.1016/j.enbuild.2020.110324},
    issn = {03787788},
    keywords = {Electrical and plumbing, Embodied carbon, Life cycle assessment, Mechanical, Tenant improvement}
}

@inproceedings{Lin2014MicrosoftContext,
    title = {{Microsoft COCO: Common Objects in Context}},
    year = {2014},
    booktitle = {European Conference on Computer Vision},
    author = {Lin, Tsung-Yi and Maire, Michael and Belongie, Serge and Hays, James and Perona, Pietro and Ramanan, Deva and Doll{\'{a}}r, Piotr and Zitnick, C Lawrence},
    pages = {740--755}
}

@techreport{NBS2020National2020,
    title = {{National BIM Report 2020}},
    year = {2020},
    author = {{NBS}}
}

@inproceedings{Rekha2020NecessaryPerspective,
    title = {{Necessary information to know to solve class imbalance problem: From a user’s perspective}},
    year = {2020},
    booktitle = {Proceedings of ICRIC},
    author = {Rekha, G. and Tyagi, Amit Kumar},
    pages = {645--658},
    volume = {597},
    publisher = {Springer},
    isbn = {9783030294069},
    note = {doi 10.1007/978-3-030-29407-6{\_}46},
    issn = {18761119},
    keywords = {Class imbalance, Majority class, Minority class, Training set}
}

@article{Wang2019ObjectCamera,
    title = {{Object detection in curved space for 360-degree camera}},
    year = {2019},
    journal = {Institute of Electrical and Electronic Engineers},
    author = {Wang, Kuan-Hsun and Lai, Shang-Hong},
    pages = {7020},
    isbn = {9781538646588}
}

@inproceedings{Yang2018ObjectPanorama,
    title = {{Object Detection in Equirectangular Panorama}},
    year = {2018},
    booktitle = {24th International Conference on Pattern Recognition (ICPR)},
    author = {Yang, Wenyan and Qian, Yanlin and Cricri, Francesco and Fan, Lixin and Kamarainen, Joni-Kristian},
    month = {5},
    note = {arXiv 1805.08009}
}

@inproceedings{Deng2017ObjectLearning,
    title = {{Object Detection on Panoramic Images Based on Deep Learning}},
    year = {2017},
    booktitle = {3rd International Conference on Control, Automation and Robotics},
    author = {Deng, Fucheng and Zhu, Xiaorui and Ren, Jiamin},
    pages = {776},
    address = {Shenzhen},
    isbn = {9781509060887}
}

@inproceedings{Urbano2013OnReliability,
    title = {{On the Measurement of Test Collection Reliability}},
    year = {2013},
    booktitle = {36th international ACM SIGIR conference on Research and development in information retrieval},
    author = {Urbano, Julián and Marrero, Mónica and Mart{\'{i}}n, Diego},
    pages = {393--402},
    publisher = {ACM},
    isbn = {9781450320344}
}

@inproceedings{Eruhimov2011OutletOperation,
    title = {{Outlet detection and pose estimation for robot continuous operation}},
    year = {2011},
    author = {Eruhimov, Victor and Meeussen, Wim},
    month = {12},
    pages = {2941--2946},
    publisher = {Institute of Electrical and Electronics Engineers (IEEE)},
    note = {doi 10.1109/iros.2011.6094910}
}

@article{Dietterich1995OverfittingLearning,
    title = {{Overfitting and Undercomputing in Machine Learning}},
    year = {1995},
    journal = {ACM Computing Surveys},
    author = {Dietterich, Tom},
    number = {3},
    month = {9},
    pages = {326--327},
    volume = {27}
}

@article{Carneiro2018PerformanceApplications,
    title = {{Performance Analysis of Google Colaboratory as a Tool for Accelerating Deep Learning Applications}},
    year = {2018},
    journal = {IEEE Access},
    author = {Carneiro, Tiago and Da Nobrega, Raul Victor Medeiros and Nepomuceno, Thiago and Bian, Gui Bin and De Albuquerque, Victor Hugo C. and Filho, Pedro Pedrosa Reboucas},
    pages = {61677--61685},
    volume = {6},
    publisher = {Institute of Electrical and Electronics Engineers Inc.},
    note = {doi 10.1109/ACCESS.2018.2874767},
    issn = {21693536},
    keywords = {Colab, Deep learning, GPU computing, Google colaboratory, convolutional neural networks}
}

@inproceedings{Sharma2020PerformanceNetwork,
    title = {{Performance Benchmarking of GPU and TPU on Google Colaboratory for Convolutional Neural Network}},
    year = {2020},
    booktitle = {First Global Conference on Artificial Intelligence and Applications},
    author = {Sharma, Vijeta and Gupta, Gaurav and Gupta, Manjari},
    pages = {639--646}
}

@article{Czerniawski2016PipeDescriptor,
    title = {{Pipe spool recognition in cluttered point clouds using a curvature-based shape descriptor}},
    year = {2016},
    journal = {Automation in Construction},
    author = {Czerniawski, Thomas and Nahangi, Mohammad and Haas, Carl and Walbridge, Scott},
    number = {Part 2},
    month = {11},
    pages = {346--358},
    volume = {71},
    publisher = {Elsevier B.V.},
    note = {doi 10.1016/j.autcon.2016.08.011},
    issn = {09265805},
    keywords = {3D reconstruction, Bag-of-features, Building information models, Curvature, Object recognition, Pipe spool, Point clouds}
}

@inproceedings{Qi2017PointNet++:Space,
    title = {{PointNet++: Deep Hierarchical Feature Learning on Point Sets in a Metric Space}},
    year = {2017},
    booktitle = {31st Conference on Neural Information Processing Systems},
    author = {Qi, Charles R and Yi, Li and Su, Hao and Guibas, Leonidas J}
}

@inproceedings{Qi2017PointNet:Segmentation,
    title = {{PointNet: Deep learning on point sets for 3D classification and segmentation}},
    year = {2017},
    booktitle = {30th IEEE Conference on Computer Vision and Pattern Recognition, CVPR 2017},
    author = {Qi, Charles R. and Su, Hao and Mo, Kaichun and Guibas, Leonidas J.},
    month = {11},
    pages = {77--85},
    volume = {2017-January},
    publisher = {Institute of Electrical and Electronics Engineers Inc.},
    isbn = {9781538604571},
    note = {doi 10.1109/CVPR.2017.16},
    arxivId = {arXiv 1612.00593}
}

@misc{Reine2021PythonResizer,
    title = {{Python image resizer}},
    year = {2021},
    author = {{Reine}},
    url = {https://github.com/Reine0017/mini-tutorials/tree/master/Python-Tutorials},
    note = {Accessed on 2021-10-10}
}

@techreport{Bahon2020Rehalib,
    title = {{R{\'{e}}halib}},
    year = {2020},
    author = {Bahon, Damien},
    institution = {Vinci Construction France},
    address = {Paris}
}

@techreport{McKinseyGlobalInstitute2017ReinventingProductivity,
    title = {{Reinventing construction: A route to higher productivity}},
    year = {2017},
    author = {{McKinsey Global Institute}},
    month = {2},
    url = {https://www.mckinsey.com/~/media/McKinsey/Business\%20Functions/Operations/Our\%20Insights/Reinventing\%20construction\%20through\%20a\%20productivity\%20revolution/MGI-Reinventing-Construction-Executive-summary.pdf},
    note = {Accessed on 2021-10-01},
    institution = {{McKinsey Global Institute}},
    keywords = {collaborate, growth, leadership, opportunity, vision}
}

@article{Zhao2019ReprojectionImages,
    title = {{Reprojection R-CNN: A Fast and Accurate Object Detector for 360{\textordmasculine} Images}},
    year = {2019},
    author = {Zhao, Pengyu and You, Ansheng and Zhang, Yuanxing and Liu, Jiaying and Bian, Kaigui and Tong, Yunhai},
    month = {7},
    note = {arXiv 1907.11830}
}

@inproceedings{Zhang2020RethinkingLocalization,
    title = {{Rethinking the Route Towards Weakly Supervised Object Localization}},
    year = {2020},
    booktitle = {2020 IEEE/CVF Conference on Computer Vision and Pattern Recognition},
    author = {Zhang, Chen-Lin and Cao, Yun-Hao and Wu, Jianxin},
    pages = {13460--13469}
}

@article{OfficeforNationalStatistics2019RoadEmissions,
    title = {{Road transport and air emissions }},
    year = {2019},
    author = {{Office for National Statistics}}
}

@article{Kim2017RoboticClouds,
    title = {{Robotic sensing and object recognition from thermal-mapped point clouds}},
    year = {2017},
    journal = {International Journal of Intelligent Robotics and Applications},
    author = {Kim, Pileun and Chen, Jingdao and Cho, Yong K.},
    number = {3},
    month = {9},
    pages = {243--254},
    volume = {1},
    publisher = {Springer},
    note = {doi 10.1007/s41315-017-0023-9},
    issn = {2366598X},
    keywords = {Laser scanning, Object recognition, Point cloud, Thermal image}
}

@article{Cartucho2018RobustRobots,
    title = {{mAP (mean Average Precision)}},
    year = {2018},
    author = {Cartucho, João},
    url = {https://github.com/Cartucho/mAP},
    note = {Accessed on 2021-11-15}
}

@inproceedings{Saha2020RoleDetection,
    title = {{Role of spatial context in adversarial robustness for object detection}},
    year = {2020},
    booktitle = {IEEE Computer Society Conference on Computer Vision and Pattern Recognition Workshops},
    author = {Saha, Aniruddha and Subramanya, Akshayvarun and Patil, Koninika and Pirsiavash, Hamed},
    month = {6},
    pages = {3403--3412},
    volume = {2020-June},
    publisher = {IEEE Computer Society},
    isbn = {9781728193601},
    note = {doi 10.1109/CVPRW50498.2020.00400},
    issn = {21607516},
    arxivId = {arXiv 1910.00068}
}

@inproceedings{Razavi2011ScalableDetection,
    title = {{Scalable multi-class object detection}},
    year = {2011},
    booktitle = {IEEE Computer Society Conference on Computer Vision and Pattern Recognition},
    author = {Razavi, Nima and Gall, Juergen and Van Gool, Luc},
    pages = {1505--1512},
    publisher = {IEEE Computer Society},
    isbn = {9781457703942},
    note = {doi 10.1109/CVPR.2011.5995441},
    issn = {10636919}
}

@inproceedings{Li2019Scale-AwareDetection,
    title = {{Scale-Aware Trident Networks for Object Detection}},
    year = {2019},
    booktitle = {IEEE/CVF International Conference on Computer Vision (ICCV)},
    author = {Li, Yanghao and Chen, Yuntao and Wang, Naiyan and Zhang, Zhaoxiang},
    pages = {6053--6062},
    note = {doi 10.1109/ICCV.2019.00615}
}

@article{Adan2018Scan-to-BIMComponents,
    title = {{Scan-to-BIM for ‘secondary’ building components}},
    year = {2018},
    journal = {Advanced Engineering Informatics},
    author = {Ad{\'{a}}n, Antonio and Quintana, Blanca and Prieto, Samuel A. and Bosch{\'{e}}, Frédéric},
    month = {8},
    pages = {119--138},
    volume = {37},
    publisher = {Elsevier Ltd},
    note = {doi 10.1016/j.aei.2018.05.001},
    issn = {14740346},
    keywords = {3D data processing, Automatic BIM, Object recognition, Scan-to-BIM}
}

@inproceedings{Badenko2019Scan-to-bimApplication,
    title = {{Scan-to-bim methodology adapted for different application}},
    year = {2019},
    booktitle = {International Archives of the Photogrammetry, Remote Sensing and Spatial Information Sciences - ISPRS Archives},
    author = {Badenko, V. and Fedotov, A. and Zotov, D. and Lytkin, S. and Volgin, D. and Garg, R. D. and Min, Liu},
    number = {5/W2},
    month = {9},
    pages = {1--7},
    volume = {42},
    publisher = {International Society for Photogrammetry and Remote Sensing},
    note = {doi 10.5194/isprs-archives-XLII-5-W2-1-2019},
    issn = {16821750},
    keywords = {3D laser scanning, as-build BIM models, existing industrial buildings, historic buildings, scan-to-BIM technique}
}

@article{Valero2016SemanticTechnology,
    title = {{Semantic 3D Reconstruction of Furnished Interiors Using Laser Scanning and RFID Technology}},
    year = {2016},
    journal = {Journal of Computing in Civil Engineering},
    author = {Valero, Enrique and Ad{\'{a}}n, Antonio and Bosch{\'{e}}, Frédéric},
    number = {4},
    month = {7},
    pages = {04015053},
    volume = {30},
    publisher = {American Society of Civil Engineers (ASCE)},
    note = {doi 10.1061/(asce)cp.1943-5487.0000525},
    issn = {0887-3801}
}

@article{Czerniawski2019SemanticTransfer,
    title = {{Semantic Segmentation of Building Point Clouds Using Deep Learning: A Method for Creating Training Data Using BIM to Point Cloud Label Transfer}},
    year = {2019},
    journal = {Journal of Computing in Civil Engineering},
    author = {Czerniawski, Thomas and Asce, S M and Leite, Fernanda and Asce, M and Candidate, Ph D},
    pages = {410--416}
}

@inproceedings{Xu2019SemanticDataset,
    title = {{Semantic segmentation of panoramic images using a synthetic dataset}},
    year = {2019},
    author = {Xu, Yuanyou and Wang, Kaiwei and Yang, Kailun and Sun, Dongming and Fu, Jia},
    month = {9},
    pages = {9},
    publisher = {SPIE-Intl Soc Optical Eng},
    isbn = {9781510630413},
    note = {doi 10.1117/12.2532494},
    issn = {1996756X},
    arxivId = {arXiv 1909.00532}
}

@inproceedings{Xu2019SemanticDatasetb,
    title = {{Semantic segmentation of panoramic images using a synthetic dataset}},
    year = {2019},
    booktitle = {Artificial Intelligence and Machine Learning in Defense Applications},
    author = {Xu, Yuanyou and Wang, Kaiwei and Yang, Kailun and Sun, Dongming and Fu, Jia},
    month = {9},
    pages = {},
    publisher = {SPIE-Intl Soc Optical Eng},
    isbn = {9781510630413},
    note = {doi 10.1117/12.2532494},
    issn = {1996756X},
    arxivId = {arXiv 1909.00532}
}

@article{Zhou2018SemanticDataset,
    title = {{Semantic Understanding of Scenes through the ADE20K Dataset}},
    year = {2018},
    journal = {International Journal of Computer Vision},
    author = {Zhou, Bolei and Zhao, Hang and Puig, Xavier and Xiao, Tete and Fidler, Sanja and Barriuso, Adela and Torralba, Antonio},
    month = {8},
    pages = {302--321},
    volume = {127},
    note = {arXiv 1608.05442}
}

@book{AssociationforComputingMachinery.SpecialInterestGrouponInformationRetrieval.2013SIGIRIreland,
    title = {{SIGIR '13 : the proceedings of the 36th International ACM SIGIR Conference on Research {\&} Development in Information Retrieval : July 28-August 1, 2013, Dublin, Ireland}},
    year = {2013},
    author = {{Association for Computing Machinery. Special Interest Group on Information Retrieval.}},
    pages = {1154},
    publisher = {ACM},
    isbn = {9781450320344}
}

@inproceedings{Lim2021SmallAttention,
    title = {{Small Object Detection using Context and Attention}},
    year = {2021},
    booktitle = {3rd International Conference on Artificial Intelligence in Information and Communication, ICAIIC 2021},
    author = {Lim, Jeong Seon and Astrid, Marcella and Yoon, Hyun Jin and Lee, Seung Ik},
    month = {4},
    pages = {181--186},
    publisher = {Institute of Electrical and Electronics Engineers Inc.},
    isbn = {9781728176383},
    note = {doi 10.1109/ICAIIC51459.2021.9415217},
    arxivId = {arXiv 1912.06319},
    keywords = {attention, context, object detection}
}

@article{Bodla2017Soft-NMSCode,
    title = {{Soft-NMS -- Improving Object Detection With One Line of Code}},
    year = {2017},
    author = {Bodla, Navaneeth and Singh, Bharat and Chellappa, Rama and Davis, Larry S.},
    month = {4},
    note = {arXiv 1704.04503}
}

@inproceedings{Dong2013Subcategory-awareClassification,
    title = {{Subcategory-aware object classification}},
    year = {2013},
    booktitle = {Proceedings of the IEEE Computer Society Conference on Computer Vision and Pattern Recognition},
    author = {Dong, Jian and Xia, Wei and Chen, Qiang and Feng, Jianshi and Huang, Zhongyang and Yan, Shuicheng},
    pages = {827--834},
    note = {doi 10.1109/CVPR.2013.112},
    issn = {10636919},
    keywords = {Ambiguity Modeling, Classification, Subcategory Mining}
}

@techreport{RICS2020TheSector,
    title = {{The future of BIM: Digital transformation in the UK construction and infrastructure sector}},
    year = {2020},
    author = {{RICS}},
    institution = {{RICS}},
    isbn = {9781783213955}
}

@inproceedings{Tang2017TheLearning,
    title = {{The object detection based on deep learning}},
    year = {2017},
    booktitle = {Proceedings - 2017 4th International Conference on Information Science and Control Engineering, ICISCE 2017},
    author = {Tang, Cong and Feng, Yunsong and Yang, Xing and Zheng, Chao and Zhou, Yuanpu},
    month = {11},
    pages = {723--728},
    publisher = {Institute of Electrical and Electronics Engineers Inc.},
    isbn = {9781538630136},
    note = {doi 10.1109/ICISCE.2017.156},
    keywords = {Deep learning, Framework design, Model analysis, Object detection, Performance analysis}
}

@article{Bosche2015TheComponents,
    title = {{The value of integrating Scan-to-BIM and Scan-vs-BIM techniques for construction monitoring using laser scanning and BIM: The case of cylindrical MEP components}},
    year = {2015},
    journal = {Automation in Construction},
    author = {Bosch{\'{e}}, Frédéric and Ahmed, Mahmoud and Turkan, Yelda and Haas, Carl T. and Haas, Ralph},
    month = {1},
    pages = {201--213},
    volume = {49},
    publisher = {Elsevier},
    note = {doi 10.1016/j.autcon.2014.05.014},
    issn = {09265805},
    keywords = {3D laser scanning, BIM, Hough transform, MEP, Percent built as planned, Progress tracking, Scan-to-BIM, Scan-vs-BIM}
}

@article{Lipton2014ThresholdingScore,
    title = {{Thresholding Classifiers to Maximize F1 Score}},
    year = {2014},
    author = {Lipton, Zachary Chase and Elkan, Charles and Narayanaswamy, Balakrishnan},
    month = {2},
    note = {arXiv 1402.1892}
}

@article{Wang2022Vision-assistedScenes,
    title = {{Vision-assisted BIM reconstruction from 3D LiDAR point clouds for MEP scenes}},
    year = {2022},
    journal = {Automation in Construction},
    author = {Wang, Boyu and Wang, Qian and Cheng, Jack C.P. and Song, Changhao and Yin, Chao},
    month = {1},
    pages = {103997},
    volume = {133},
    note = {doi 10.1016/j.autcon.2021.103997},
    issn = {09265805}
}

@article{Boton2021WhatEffort,
    title = {{What is at the Root of Construction 4.0: A Systematic Review of the Recent Research Effort}},
    year = {2021},
    journal = {Archives of Computational Methods in Engineering},
    author = {Boton, Conrad and Rivest, Louis and Ghnaya, Oussama and Chouchen, Moataz},
    number = {4},
    month = {6},
    pages = {2331--2350},
    volume = {28},
    publisher = {Springer Science and Business Media B.V.},
    note = {doi 10.1007/s11831-020-09457-7},
    issn = {18861784}
}

@inproceedings{DeCarolis2020YOLOStreams,
    title = {{YOLO TrashNet: Garbage Detection in Video Streams}},
    year = {2020},
    booktitle = {IEEE International Conference on Evolving and Adaptive Intelligent Systems},
    author = {De Carolis, Berardina and Ladogana, Francesco and Macchiarulo, Nicola},
    address = {Bari},
    isbn = {9781728143842}
}

@inproceedings{Redmon2017YOLO9000:Stronger,
    title = {{YOLO9000: Better, faster, stronger}},
    year = {2017},
    booktitle = {Proceedings - 30th IEEE Conference on Computer Vision and Pattern Recognition, CVPR 2017},
    author = {Redmon, Joseph and Farhadi, Ali},
    month = {11},
    pages = {6517--6525},
    volume = {2017-January},
    publisher = {Institute of Electrical and Electronics Engineers Inc.},
    isbn = {9781538604571},
    note = {doi 10.1109/CVPR.2017.690},
    arxivId = {arXiv 1612.08242}
}

@misc{TheAIGuy2020YOLOv4-Cloud-Tutorial,
    title = {{YOLOv4-Cloud-Tutorial}},
    year = {2020},
    author = {{The AI Guy}},
    url = {https://github.com/theAIGuysCode/YOLOv4-Cloud-Tutorial},
    note = {Accessed on 2021-10-01}
}

@article{Bochkovskiy2020YOLOv4:Detection,
    title = {{YOLOv4: Optimal Speed and Accuracy of Object Detection}},
    year = {2020},
    author = {Bochkovskiy, Alexey and Wang, Chien-Yao and Liao, Hong-Yuan Mark},
    month = {4},
    note = {arXiv 2004.10934}
}

@misc{cyberdong2021,
    title = {{yolo{\_}opencv-python{\_}cpu}},
    year = {2021},
    author = {{cyberdong}},
    url = {https://github.com/cyberdong/yolo\_opencv-python\_cpu},
    note = {Accessed on 2021-11-12}
}